@book{loukides2012devops,
  title={What is DevOps?},
  author={Loukides, Mike},
  year={2012},
  publisher={" O'Reilly Media, Inc."}
}
@article{callanandevops,
  title={DevOps: Making It Easy To Do The Right Thing},
  author={Callanan, Matt and Spillane, Alexandra},
  publisher={IEEE}
}
@book{httermann2012devops,
  title={DevOps for developers},
  author={Httermann, Michael},
  year={2012},
  publisher={Apress}
}
@article{humble2011enterprises,
  title={Why enterprises must adopt devops to enable continuous delivery},
  author={Humble, Jez and Molesky, Joanne},
  journal={Cutter IT Journal},
  volume={24},
  number={8},
  pages={6},
  year={2011}
}
@book{humble2010continuous,
  title={Continuous Delivery: Reliable Software Releases through Build, Test, and Deployment Automation (Adobe Reader)},
  author={Humble, Jez and Farley, David},
  year={2010},
  publisher={Pearson Education}
}
@book{nelson2013test,
  title={Test-Driven Infrastructure with Chef: Bring Behavior-Driven Development to Infrastructure as Code},
  author={Nelson-Smith, Stephen},
  year={2013},
  publisher={" O'Reilly Media, Inc."}
}
@book{sabharwal2014automation,
  title={Automation through Chef Opscode: A Hands-on Approach to Chef},
  author={Sabharwal, Navin and Wadhwa, Manak},
  year={2014},
  publisher={Apress}
}

